@book{philipbook2012turbulence,
  title={Turbulence, Coherent Structures, Dynamical Systems and Symmetry},
  author={Holmes, Philip and Lumley, John L and Berkooz, Gal and Rowley, Clarence W},
  year={2003},
  publisher={Springer-Verlag New York Inc.}
}

%--------------------------------------------------------------
@article{kerschen2005method,
  title={The method of proper orthogonal decomposition for dynamical characterization and order reduction of mechanical systems: an overview},
  author={Kerschen, Gaetan and Golinval, Jean-claude and Vakakis, Alexander F and Bergman, Lawrence A},
  journal={Nonlinear dynamics},
  volume={41},
  number={1-3},
  pages={147--169},
  year={2005},
  publisher={Springer}
}

%--------------------------------------------------------------

@article{sirovich1987low,
  title={Low-dimensional procedure for the characterization of human faces},
  author={Sirovich, Lawrence and Kirby, Michael},
  journal={JOSA A},
  volume={4},
  number={3},
  pages={519--524},
  year={1987},
  publisher={Optical Society of America}
}

%--------------------------------------------------------------

@article{chi2013dispersion,
  title={Dispersion and stability properties of radial basis collocation method for elastodynamics},
  author={Chi, S. W and Chen, J. S and Luo, H and Hu, H. Y and Wang, L},
  journal={Numerical Methods for Partial Differential Equations},
  volume={29},
  number={3},
  pages={818--842},
  year={2013},
  publisher={Wiley Online Library}
}

%--------------------------------------------------------------

@article{hu2011error, 
  title={Error analysis of collocation method based on reproducing kernel approximation},
  author={Hu, Hsin-Yun and Chen, Jiun-Shyan and Hu, Wei},
  journal={Numerical Methods for Partial Differential Equations},
  volume={27},
  number={3},
  pages={554--580},
  year={2011},
  publisher={Wiley Online Library}
}







